<record><leader>00000cas a2200000 a 4500</leader><controlfield tag="001">12169034</controlfield><controlfield tag="008">850618d18881889ksuwr ne      0    0eng d</controlfield><datafield ind1=" " ind2=" " tag="010"><subfield code="a">sn 85030586 </subfield></datafield><datafield ind1=" " ind2=" " tag="040"><subfield code="a">KSH</subfield><subfield code="b">eng</subfield><subfield code="c">KSH</subfield><subfield code="d">NPT</subfield><subfield code="d">OCL</subfield><subfield code="d">OCLCQ</subfield></datafield><datafield ind1=" " ind2=" " tag="042"><subfield code="a">msc</subfield></datafield><datafield ind1="0" ind2=" " tag="130"><subfield code="a">Peoples' vindicator (Erie, Kan.)</subfield></datafield><datafield ind1="1" ind2="4" tag="245"><subfield code="a">The peoples' vindicator.</subfield></datafield><datafield ind1=" " ind2=" " tag="260"><subfield code="a">Erie, Kan. :</subfield><subfield code="b">Vindicator Print. Co.,</subfield><subfield code="c">1888-1889.</subfield></datafield><datafield ind1=" " ind2=" " tag="300"><subfield code="a">2 v. ;</subfield><subfield code="c">64 cm.</subfield></datafield><datafield ind1=" " ind2=" " tag="310"><subfield code="a">Weekly</subfield></datafield><datafield ind1="0" ind2=" " tag="362"><subfield code="a">Vol. 6, no. 11 (Mar. 20, 1888)-v. 7, no. 20 (May 8, 1889).</subfield></datafield><datafield ind1=" " ind2=" " tag="500"><subfield code="a">Published by: W.E. Hardy, Wm. George, June 5, 1888-Jan. 1, 1889; Wm. George, Jan. 8-May 8, 1889.</subfield></datafield><datafield ind1=" " ind2=" " tag="521"><subfield code="a">"Labor Party."</subfield></datafield><datafield ind1=" " ind2=" " tag="752"><subfield code="a">United States</subfield><subfield code="b">Kansas</subfield><subfield code="c">Neosho</subfield><subfield code="d">Erie.</subfield></datafield><datafield ind1="0" ind2="0" tag="780"><subfield code="t">Neosho County democrat</subfield><subfield code="w">(DLC)sn 85030585</subfield></datafield><datafield ind1="0" ind2="0" tag="785"><subfield code="t">Erie sentinel (Erie, Kan. : 1889)</subfield><subfield code="w">(DLC)sn 85030600</subfield></datafield></record>